<?xml version="1.0" encoding="UTF-8"?><collection xmlns="http://www.loc.gov/MARC21/slim"><record><leader>00771nam--2200193-i-4500</leader><controlfield tag="001">000016559</controlfield><controlfield tag="002">20161230</controlfield><controlfield tag="005">20161230201031</controlfield><controlfield tag="008">060222s1000------------r-----000-0-rum-d</controlfield><datafield ind1=" " ind2=" " tag="040"><subfield code="a">IFIN-HH</subfield></datafield><datafield ind1=" " ind2=" " tag="041"><subfield code="a">rum</subfield></datafield><datafield ind1=" " ind2=" " tag="080"><subfield code="a">539.1.074(043)</subfield></datafield><datafield ind1="1" ind2=" " tag="100"><subfield code="a">Cimpoca, Gheorghe-valerica</subfield></datafield><datafield ind1="1" ind2="0" tag="245"><subfield code="a">Contributii la realizarea si studiul proprietatilor electrice ale detectoarelor pantru radiatii din spectrul vizibil, infrarosu apropiat si indepartat, x, gama si pantru particule incarcate, fabricate din siliciu monocristalin</subfield><subfield code="b">Rezumatul tezei</subfield><subfield code="c">Gehorghe-valerica cimpoaca</subfield></datafield><datafield ind1=" " ind2=" " tag="260"><subfield code="a">Bucuresti, Ifa, 1996. 72 P</subfield><subfield code="b">Ifa</subfield><subfield code="c">1996</subfield></datafield><datafield ind1=" " ind2=" " tag="300"><subfield code="a">72P</subfield></datafield><datafield ind1=" " ind2=" " tag="502"><subfield code="a">Conducator Stiintific: Dr.I.B.Petrescu Prahova</subfield></datafield><datafield ind1=" " ind2=" " tag="852"><subfield code="a">80604</subfield><subfield code="c">539.1.07:539.1.08</subfield></datafield><datafield ind1=" " ind2=" " tag="CAT"><subfield code="a">Sys</subfield><subfield code="c">20111031</subfield><subfield code="h">170330</subfield></datafield></record></collection>